{
  "leader": "03161cas a2200817 a 4500",
  "fields": [
    {
      "001": "ocm04814372\\"
    },
    {
      "003": "OCoLC"
    },
    {
      "005": "20220712121024.0"
    },
    {
      "008": "790403c18929999nyugr\\\\\\\\\\\\\\\\\\0\\\\\\a0eng\\c"
    },
    {
      "010": {
        "ind1": "\\",
        "ind2": "\\",
        "subfields": [
          {
            "a": "sn 79019213 "
          }
        ]
      }
    },
    {
      "040": {
        "ind1": "\\",
        "ind2": "\\",
        "subfields": [
          {
            "a": "IXA"
          },
          {
            "b": "eng"
          },
          {
            "c": "IXA"
          },
          {
            "d": "NSD"
          },
          {
            "d": "OCL"
          },
          {
            "d": "HUL"
          },
          {
            "d": "OCL"
          },
          {
            "d": "NST"
          },
          {
            "d": "NSD"
          },
          {
            "d": "NST"
          },
          {
            "d": "HUL"
          },
          {
            "d": "NST"
          },
          {
            "d": "HUL"
          },
          {
            "d": "IUL"
          },
          {
            "d": "SYS"
          },
          {
            "d": "OCLCQ"
          },
          {
            "d": "UKMGB"
          },
          {
            "d": "OCLCQ"
          },
          {
            "d": "OCLCF"
          },
          {
            "d": "YLS"
          },
          {
            "d": "OCL"
          },
          {
            "d": "OCLCO"
          },
          {
            "d": "OCLCA"
          },
          {
            "d": "OCLCQ"
          },
          {
            "d": "OCLCO"
          },
          {
            "d": "OCLCA"
          },
          {
            "d": "OCL"
          },
          {
            "d": "ZHC"
          }
        ]
      }
    },
    {
      "012": {
        "ind1": "\\",
        "ind2": "\\",
        "subfields": [
          {
            "b": "3"
          },
          {
            "i": "8511"
          },
          {
            "j": "0"
          }
        ]
      }
    },
    {
      "016": {
        "ind1": "7",
        "ind2": "\\",
        "subfields": [
          {
            "a": "012422274"
          },
          {
            "2": "Uk"
          }
        ]
      }
    },
    {
      "019": {
        "ind1": "\\",
        "ind2": "\\",
        "subfields": [
          {
            "a": "630550"
          },
          {
            "a": "18186829"
          },
          {
            "a": "1038108945"
          },
          {
            "a": "1050342478"
          },
          {
            "a": "1054216790"
          },
          {
            "a": "1201968711"
          }
        ]
      }
    },
    {
      "022": {
        "ind1": "0",
        "ind2": "\\",
        "subfields": [
          {
            "a": "0196-4623"
          },
          {
            "l": "0196-4623"
          },
          {
            "2": "1"
          }
        ]
      }
    },
    {
      "035": {
        "ind1": "\\",
        "ind2": "\\",
        "subfields": [
          {
            "a": "(OCoLC)4814372"
          },
          {
            "z": "(OCoLC)630550"
          },
          {
            "z": "(OCoLC)18186829"
          },
          {
            "z": "(OCoLC)1038108945"
          },
          {
            "z": "(OCoLC)1050342478"
          },
          {
            "z": "(OCoLC)1054216790"
          },
          {
            "z": "(OCoLC)1201968711"
          }
        ]
      }
    },
    {
      "042": {
        "ind1": "\\",
        "ind2": "\\",
        "subfields": [
          {
            "a": "nsdp"
          },
          {
            "a": "pcc"
          }
        ]
      }
    },
    {
      "043": {
        "ind1": "\\",
        "ind2": "\\",
        "subfields": [
          {
            "a": "n-us-ny"
          }
        ]
      }
    },
    {
      "050": {
        "ind1": "\\",
        "ind2": "4",
        "subfields": [
          {
            "a": "JK3430"
          },
          {
            "b": ".N5"
          }
        ]
      }
    },
    {
      "082": {
        "ind1": "0",
        "ind2": "4",
        "subfields": [
          {
            "a": "320"
          },
          {
            "b": "NEW"
          }
        ]
      }
    },
    {
      "210": {
        "ind1": "0",
        "ind2": "\\",
        "subfields": [
          {
            "a": "N.Y. red book"
          }
        ]
      }
    },
    {
      "222": {
        "ind1": "\\",
        "ind2": "4",
        "subfields": [
          {
            "a": "The New York red book"
          }
        ]
      }
    },
    {
      "245": {
        "ind1": "0",
        "ind2": "4",
        "subfields": [
          {
            "a": "The New York red book."
          }
        ]
      }
    },
    {
      "260": {
        "ind1": "\\",
        "ind2": "\\",
        "subfields": [
          {
            "3": "<1944>-1987 :"
          },
          {
            "a": "Albany, N.Y. :"
          },
          {
            "b": "Williams Press"
          }
        ]
      }
    },
    {
      "264": {
        "ind1": "3",
        "ind2": "1",
        "subfields": [
          {
            "3": "1988-<2013-> :"
          },
          {
            "a": "Albany, N.Y. :"
          },
          {
            "b": "New York Legal Publishing Corp."
          }
        ]
      }
    },
    {
      "300": {
        "ind1": "\\",
        "ind2": "\\",
        "subfields": [
          {
            "a": "volumes :"
          },
          {
            "b": "illustrations ;"
          },
          {
            "c": "24 cm"
          }
        ]
      }
    },
    {
      "310": {
        "ind1": "\\",
        "ind2": "\\",
        "subfields": [
          {
            "a": "Biennial,"
          },
          {
            "b": "1977-"
          }
        ]
      }
    },
    {
      "321": {
        "ind1": "\\",
        "ind2": "\\",
        "subfields": [
          {
            "a": "Annual,"
          },
          {
            "b": "1892-1975"
          }
        ]
      }
    },
    {
      "336": {
        "ind1": "\\",
        "ind2": "\\",
        "subfields": [
          {
            "a": "text"
          },
          {
            "b": "txt"
          },
          {
            "2": "rdacontent"
          }
        ]
      }
    },
    {
      "337": {
        "ind1": "\\",
        "ind2": "\\",
        "subfields": [
          {
            "a": "unmediated"
          },
          {
            "b": "n"
          },
          {
            "2": "rdamedia"
          }
        ]
      }
    },
    {
      "338": {
        "ind1": "\\",
        "ind2": "\\",
        "subfields": [
          {
            "a": "volume"
          },
          {
            "b": "nc"
          },
          {
            "2": "rdacarrier"
          }
        ]
      }
    },
    {
      "588": {
        "ind1": "\\",
        "ind2": "\\",
        "subfields": [
          {
            "a": "Description based on: 88th ed. (1985-1986)."
          }
        ]
      }
    },
    {
      "588": {
        "ind1": "\\",
        "ind2": "\\",
        "subfields": [
          {
            "a": "Latest issue consulted: 104th ed. (2013)."
          }
        ]
      }
    },
    {
      "651": {
        "ind1": "\\",
        "ind2": "0",
        "subfields": [
          {
            "a": "New York (State)"
          },
          {
            "v": "Registers."
          }
        ]
      }
    },
    {
      "651": {
        "ind1": "\\",
        "ind2": "0",
        "subfields": [
          {
            "a": "New York (State)"
          },
          {
            "x": "Politics and government"
          },
          {
            "v": "Periodicals."
          }
        ]
      }
    },
    {
      "651": {
        "ind1": "\\",
        "ind2": "0",
        "subfields": [
          {
            "a": "New York (State)"
          },
          {
            "v": "Biography."
          }
        ]
      }
    },
    {
      "650": {
        "ind1": "\\",
        "ind2": "7",
        "subfields": [
          {
            "a": "Politics and government"
          },
          {
            "2": "fast"
          },
          {
            "0": "(OCoLC)fst01919741"
          }
        ]
      }
    },
    {
      "651": {
        "ind1": "\\",
        "ind2": "7",
        "subfields": [
          {
            "a": "New York (State)"
          },
          {
            "2": "fast"
          },
          {
            "0": "(OCoLC)fst01210280"
          }
        ]
      }
    },
    {
      "655": {
        "ind1": "\\",
        "ind2": "7",
        "subfields": [
          {
            "a": "Biographies."
          },
          {
            "2": "fast"
          },
          {
            "0": "(OCoLC)fst01919896"
          }
        ]
      }
    },
    {
      "655": {
        "ind1": "\\",
        "ind2": "7",
        "subfields": [
          {
            "a": "Periodicals."
          },
          {
            "2": "fast"
          },
          {
            "0": "(OCoLC)fst01411641"
          }
        ]
      }
    },
    {
      "655": {
        "ind1": "\\",
        "ind2": "7",
        "subfields": [
          {
            "a": "Registers (Lists)"
          },
          {
            "2": "fast"
          },
          {
            "0": "(OCoLC)fst01919964"
          }
        ]
      }
    },
    {
      "655": {
        "ind1": "\\",
        "ind2": "7",
        "subfields": [
          {
            "a": "Periodicals."
          },
          {
            "2": "lcgft"
          }
        ]
      }
    },
    {
      "655": {
        "ind1": "\\",
        "ind2": "7",
        "subfields": [
          {
            "a": "Registers (Lists)"
          },
          {
            "2": "lcgft"
          }
        ]
      }
    },
    {
      "776": {
        "ind1": "0",
        "ind2": "8",
        "subfields": [
          {
            "i": "Online version:"
          },
          {
            "t": "New York red book"
          },
          {
            "w": "(OCoLC)741988906"
          }
        ]
      }
    },
    {
      "780": {
        "ind1": "0",
        "ind2": "0",
        "subfields": [
          {
            "t": "Red book (Albany, N.Y.)"
          },
          {
            "w": "(OCoLC)10629508"
          }
        ]
      }
    },
    {
      "850": {
        "ind1": "\\",
        "ind2": "\\",
        "subfields": [
          {
            "a": "CtY-L"
          },
          {
            "a": "KyU"
          },
          {
            "a": "MH-L"
          },
          {
            "a": "NcD"
          },
          {
            "a": "NcU"
          },
          {
            "a": "P"
          },
          {
            "a": "ViBlbV"
          },
          {
            "a": "ViW"
          },
          {
            "a": "NNU-L"
          }
        ]
      }
    },
    {
      "891": {
        "ind1": "3",
        "ind2": "3",
        "subfields": [
          {
            "9": "853"
          },
          {
            "8": "1"
          },
          {
            "a": "(year)"
          }
        ]
      }
    },
    {
      "891": {
        "ind1": "4",
        "ind2": "0",
        "subfields": [
          {
            "9": "863"
          },
          {
            "8": "1"
          },
          {
            "a": "<1895>-"
          },
          {
            "x": "provisional"
          }
        ]
      }
    },
    {
      "891": {
        "ind1": "3",
        "ind2": "3",
        "subfields": [
          {
            "9": "853"
          },
          {
            "8": "2"
          },
          {
            "a": "(year/year)"
          }
        ]
      }
    },
    {
      "891": {
        "ind1": "4",
        "ind2": "1",
        "subfields": [
          {
            "9": "863"
          },
          {
            "8": "2"
          },
          {
            "a": "<1961/1962>"
          },
          {
            "x": "provisional"
          }
        ]
      }
    },
    {
      "891": {
        "ind1": "3",
        "ind2": "3",
        "subfields": [
          {
            "9": "853"
          },
          {
            "8": "3"
          },
          {
            "a": "+"
          },
          {
            "i": "(year/year)"
          }
        ]
      }
    },
    {
      "891": {
        "ind1": "4",
        "ind2": "0",
        "subfields": [
          {
            "9": "863"
          },
          {
            "8": "3"
          },
          {
            "a": "<79>-"
          },
          {
            "i": "<1970/1971>-"
          },
          {
            "x": "provisional"
          }
        ]
      }
    },
    {
      "891": {
        "ind1": "3",
        "ind2": "3",
        "subfields": [
          {
            "9": "853"
          },
          {
            "8": "4"
          },
          {
            "a": "+"
          },
          {
            "i": "(year)"
          }
        ]
      }
    },
    {
      "891": {
        "ind1": "4",
        "ind2": "0",
        "subfields": [
          {
            "9": "863"
          },
          {
            "8": "4"
          },
          {
            "a": "<81>-"
          },
          {
            "i": "<1973>-"
          },
          {
            "x": "provisional"
          }
        ]
      }
    },
    {
      "891": {
        "ind1": "3",
        "ind2": "3",
        "subfields": [
          {
            "9": "853"
          },
          {
            "8": "5"
          },
          {
            "a": "+"
          },
          {
            "i": "(year/year)"
          }
        ]
      }
    },
    {
      "891": {
        "ind1": "4",
        "ind2": "0",
        "subfields": [
          {
            "9": "863"
          },
          {
            "8": "5"
          },
          {
            "a": "<88>-"
          },
          {
            "i": "<1985/1986>-"
          },
          {
            "x": "provisional"
          }
        ]
      }
    },
    {
      "994": {
        "ind1": "\\",
        "ind2": "\\",
        "subfields": [
          {
            "a": "Z0"
          },
          {
            "b": "NYRVC"
          }
        ]
      }
    },
    {
      "948": {
        "ind1": "\\",
        "ind2": "\\",
        "subfields": [
          {
            "h": "NO HOLDINGS IN NYRVC - 221 OTHER HOLDINGS"
          }
        ]
      }
    },
    {
      "999": {
        "ind1": "\\",
        "ind2": "\\",
        "subfields": [
          {
            "a": "00000000014189"
          },
          {
            "v": "1958-1959"
          }
        ]
      }
    },
    {
      "999": {
        "ind1": "\\",
        "ind2": "\\",
        "subfields": [
          {
            "a": "00000000014074"
          },
          {
            "v": "1959-1960"
          }
        ]
      }
    },
    {
      "999": {
        "ind1": "\\",
        "ind2": "\\",
        "subfields": [
          {
            "a": "00000000014078"
          },
          {
            "v": "1960-1961"
          }
        ]
      }
    },
    {
      "999": {
        "ind1": "\\",
        "ind2": "\\",
        "subfields": [
          {
            "a": "no barcode"
          },
          {
            "v": "1961-1962"
          }
        ]
      }
    },
    {
      "999": {
        "ind1": "\\",
        "ind2": "\\",
        "subfields": [
          {
            "a": "00000000014051"
          },
          {
            "v": "1962-1963"
          }
        ]
      }
    },
    {
      "999": {
        "ind1": "\\",
        "ind2": "\\",
        "subfields": [
          {
            "a": "00000000014047"
          },
          {
            "v": "1963-1964"
          }
        ]
      }
    },
    {
      "999": {
        "ind1": "\\",
        "ind2": "\\",
        "subfields": [
          {
            "a": "00000000014043"
          },
          {
            "v": "1964-1965"
          }
        ]
      }
    },
    {
      "999": {
        "ind1": "\\",
        "ind2": "\\",
        "subfields": [
          {
            "a": "00000000014055"
          },
          {
            "v": "1965-1966"
          }
        ]
      }
    },
    {
      "999": {
        "ind1": "\\",
        "ind2": "\\",
        "subfields": [
          {
            "a": "00000000014039"
          },
          {
            "v": "1966-1967"
          }
        ]
      }
    },
    {
      "999": {
        "ind1": "\\",
        "ind2": "\\",
        "subfields": [
          {
            "a": "00000000014035"
          },
          {
            "v": "1967-1968"
          }
        ]
      }
    },
    {
      "999": {
        "ind1": "\\",
        "ind2": "\\",
        "subfields": [
          {
            "a": "00000000014082"
          },
          {
            "v": "1968-1969"
          }
        ]
      }
    },
    {
      "999": {
        "ind1": "\\",
        "ind2": "\\",
        "subfields": [
          {
            "a": "00000000014086"
          },
          {
            "v": "1971-1972"
          }
        ]
      }
    },
    {
      "999": {
        "ind1": "\\",
        "ind2": "\\",
        "subfields": [
          {
            "a": "00000000014090"
          },
          {
            "v": "1974"
          }
        ]
      }
    }
  ]
}